@misc{wikipedia1,
  title = "Scripting language",
  author = "Wikipedia",
  url = "https://en.wikipedia.org/wiki/Scripting_language",
  year = 2014,
}
