@misc{ wiki:xxx,
  author = {{Estimation lemma}},
  title = "Estimation lemma --- {W}ikipedia{,} The Free Encyclopedia",
  year = "2010",
  url = "http://en.wikipedia.org/w/index.php?title=Estimation_lemma&oldid=375747928",
  note = "[Online; accessed 29-September-2012]"
}
